@article{COTE2021,
title = {Impact of binder constituents on the moldability of titanium-based feedstocks used in low-pressure powder injection molding},
journal = {Powder Technology},
volume = {381},
pages = {255-268},
year = {2021},
issn = {0032-5910},
doi = {https://doi.org/10.1016/j.powtec.2020.12.008},
url = {https://www.sciencedirect.com/science/article/pii/S0032591020311694},
author = {Raphaël Côté and Mohamed Azzouni and Vincent Demers},
}
@article{DAVIS2020516,
title = {An appraisal on the sustainability payback of additively manufactured molds with conformal cooling},
journal = {Procedia CIRP},
volume = {90},
pages = {516-521},
year = {2020},
note = {27th CIRP Life Cycle Engineering Conference (LCE2020) Advancing Life Cycle Engineering: from technological eco-efficiency to technology that supports a world that meets the development goals and the absolute sustainability},
issn = {2212-8271},
doi = {https://doi.org/10.1016/j.procir.2020.01.064},
url = {https://www.sciencedirect.com/science/article/pii/S2212827120301487},
author = {William Davis and Vincenzo Lunetto and Paolo C. Priarone and Dan Centea and Luca Settineri},
}
@article{VOJNOVA2016,
title = {The Benefits of a Conforming Cooling Systems the Molds in Injection Moulding Process},
journal = {Procedia Engineering},
volume = {149},
pages = {535-543},
year = {2016},
note = {International Conference on Manufacturing Engineering and Materials, ICMEM 2016, 6-10 June 2016, Nový Smokovec, Slovakia},
issn = {1877-7058},
doi = {https://doi.org/10.1016/j.proeng.2016.06.702},
url = {https://www.sciencedirect.com/science/article/pii/S187770581631219X},
author = {Eva Vojnová},
}
@article{XU2001,
author = {Xu, Xiaorong and Sachs, Emanuel and Allen, Samuel},
title = {The design of conformal cooling channels in injection molding tooling},
journal = {Polymer Engineering \& Science},
volume = {41},
number = {7},
pages = {1265-1279},
doi = {https://doi.org/10.1002/pen.10827},
url = {https://onlinelibrary.wiley.com/doi/abs/10.1002/pen.10827},
year = {2001}
}
@article{GUILONG2010,
title = {Analysis of thermal cycling efficiency and optimal design of heating/cooling systems for rapid heat cycle injection molding process},
journal = {Materials \& Design},
volume = {31},
number = {7},
pages = {3426-3441},
year = {2010},
issn = {0261-3069},
doi = {https://doi.org/10.1016/j.matdes.2010.01.042},
url = {https://www.sciencedirect.com/science/article/pii/S0261306910000567},
author = {Wang Guilong and Zhao Guoqun and Li Huiping and Guan Yanjin},
}
@article{JU2001,
author = {Ju, Huaiming and Huang, Zhiyong and Xu, Yuanhui and Duan, Bing and Yu, Yu},
address = {[Tokyo] :},
issn = {0022-3131},
journal = {Journal of nuclear science and technology.},
lccn = {2011263275},
number = {10},
publisher = {Atomic Energy Society of Japan,},
title = {Hydraulic Performance of Small Bending Radius Helical Coil-Pipe},
volume = {38},
year = {2001-10},
}
@article{XIN1997,
author = {Xin, R C and Ebadian, M A},
address = {New York, NY :},
issn = {0022-1481},
journal = {Journal of heat transfer.},
lccn = {00214251},
number = {3},
publisher = {American Society of Mechanical Engineers},
title = {The Effects of Prandtl Numbers on Local and Average Convective Heat Transfer Characteristics in Helical Pipes},
volume = {119},
year = {1997-08-01},
}


